%% Created using Papers on Wed, 20 Jul 2011.
%% http://mekentosj.com/papers/

@book{Baum:2009wk,
author = {Baum, Helga},
title = {{Eichfeldtheorie: Eine Einf{\"u}hrung in die Differentialgeometrie auf Faserb{\"u}ndeln (Springer-Lehrbuch Masterclass) (German Edition)}},
publisher = {Springer},
year = {2009},
edition = {1},
month = mar
}

@book{Bar:2006vn,
author = {B{\"a}r, Christian},
title = {{Charakteristische Klassen}},
publisher = {Universit{\"a}t Potsdam},
year = {2006},
series = {Ein Chrashkurs},
month = oct
}

@book{ONeill:1983wy,
author = {O'Neill, Barrett},
title = {{Semi-Riemannian Geometry With Applications to Relativity, 103, Volume 103 (Pure and Applied Mathematics)}},
publisher = {Academic Press},
year = {1983},
month = jul
}

@book{Petersen:2010te,
author = {Petersen, Peter},
title = {{Riemannian Geometry (Graduate Texts in Mathematics)}},
publisher = {Springer},
year = {2010},
edition = {Softcover reprint of hardcover 2nd ed. 2006},
month = nov
}

@book{deRham:1984vp,
author = {de Rham, Georges and Chern, S S},
title = {{Differentiable Manifolds: Forms, Currents, Harmonic Forms (Grundlehren der mathematischen Wissenschaften)}},
publisher = {Springer},
year = {1984},
edition = {1},
month = sep
}

